@article{greenwade93,
    author  = "George D. Greenwade",
    title   = "The {C}omprehensive {T}ex {A}rchive {N}etwork ({CTAN})",
    year    = "1993",
    journal = "TUGBoat",
    volume  = "14",
    number  = "3",
    pages   = "342--351"
}

@misc{ronneberger2015unet,
      title={U-Net: Convolutional Networks for Biomedical Image Segmentation}, 
      author={Olaf Ronneberger and Philipp Fischer and Thomas Brox},
      year={2015},
      eprint={1505.04597},
      archivePrefix={arXiv},
      primaryClass={cs.CV}
}

@article{Stöter2019, doi = {10.21105/joss.01667}, url = {https://doi.org/10.21105/joss.01667}, year = {2019}, publisher = {The Open Journal}, volume = {4}, number = {41}, pages = {1667}, author = {Fabian-Robert Stöter and Stefan Uhlich and Antoine Liutkus and Yuki Mitsufuji}, title = {Open-Unmix - A Reference Implementation for Music Source Separation}, journal = {Journal of Open Source Software} }

@article{spleeter,
author = {Hennequin, Romain and Khlif, Anis and Voituret, Felix and Moussallam, Manuel},
year = {2020},
month = {06},
pages = {2154},
title = {Spleeter: a fast and efficient music source separation tool with pre-trained models},
volume = {5},
journal = {Journal of Open Source Software},
doi = {10.21105/joss.02154}
}

Music Source Separation in the Waveform Domain
@misc{défossez2021music,
      title={Music Source Separation in the Waveform Domain}, 
      author={Alexandre Défossez and Nicolas Usunier and Léon Bottou and Francis Bach},
      year={2021},
      eprint={1911.13254},
      archivePrefix={arXiv},
      primaryClass={cs.SD}
}

@misc{défossez2022hybrid,
      title={Hybrid Spectrogram and Waveform Source Separation}, 
      author={Alexandre Défossez},
      year={2022},
      eprint={2111.03600},
      archivePrefix={arXiv},
      primaryClass={eess.AS}
}

@misc{rouard2022hybrid,
      title={Hybrid Transformers for Music Source Separation}, 
      author={Simon Rouard and Francisco Massa and Alexandre Défossez},
      year={2022},
      eprint={2211.08553},
      archivePrefix={arXiv},
      primaryClass={eess.AS}
}

@article{score-informed,
author = {Ewert, Sebastian and Pardo, Bryan and Müller, Meinard and Plumbley, Mark},
year = {2014},
month = {05},
pages = {116-124},
title = {Score-Informed Source Separation for Musical Audio Recordings: An overview},
volume = {31},
journal = {Signal Processing Magazine, IEEE},
doi = {10.1109/MSP.2013.2296076}
}


@misc{jeon2022robust,
      title={Towards robust music source separation on loud commercial music}, 
      author={Chang-Bin Jeon and Kyogu Lee},
      year={2022},
      eprint={2208.14355},
      archivePrefix={arXiv},
      primaryClass={cs.SD}
}

@article{Benetos2013AutomaticMT,
  title={Automatic music transcription: challenges and future directions},
  author={Emmanouil Benetos and Simon Dixon and Dimitrios Giannoulis and Holger Kirchhoff and Anssi Klapuri},
  journal={Journal of Intelligent Information Systems},
  year={2013},
  volume={41},
  pages={407 - 434},
  url={https://api.semanticscholar.org/CorpusID:207169189}
}

@misc{sturm2016music,
      title={Music transcription modelling and composition using deep learning}, 
      author={Bob L. Sturm and João Felipe Santos and Oded Ben-Tal and Iryna Korshunova},
      year={2016},
      eprint={1604.08723},
      archivePrefix={arXiv},
      primaryClass={cs.SD}
}

@article{Benetos2019AutomaticMT,
  title={Automatic Music Transcription: An Overview},
  author={Emmanouil Benetos and Simon Dixon and Zhiyao Duan and Sebastian Ewert},
  journal={IEEE Signal Processing Magazine},
  year={2019},
  volume={36},
  pages={20-30},
  url={https://api.semanticscholar.org/CorpusID:57191022}
}


@misc{bittner2022lightweight,
      title={A Lightweight Instrument-Agnostic Model for Polyphonic Note Transcription and Multipitch Estimation}, 
      author={Rachel M. Bittner and Juan José Bosch and David Rubinstein and Gabriel Meseguer-Brocal and Sebastian Ewert},
      year={2022},
      eprint={2203.09893},
      archivePrefix={arXiv},
      primaryClass={cs.SD}
}


@misc{MUSDB18,
  author       = {Rafii, Zafar and
                  Liutkus, Antoine and
                  Fabian-Robert St{\"o}ter and
                  Mimilakis, Stylianos Ioannis and
                  Bittner, Rachel},
  title        = {The {MUSDB18} corpus for music separation},
  month        = dec,
  year         = 2017,
  doi          = {10.5281/zenodo.1117372},
  url          = {https://doi.org/10.5281/zenodo.1117372}
}

@misc{pereira2023moisesdb,
      title={Moisesdb: A dataset for source separation beyond 4-stems}, 
      author={Igor Pereira and Felipe Araújo and Filip Korzeniowski and Richard Vogl},
      year={2023},
      eprint={2307.15913},
      archivePrefix={arXiv},
      primaryClass={cs.SD}
}

@inproceedings{madleydb,
author = {Bittner, Rachel and Salamon, Justin and Tierney, Mike and Mauch, Matthias and Cannam, Chris and Bello, Juan},
year = {2014},
month = {10},
pages = {},
title = {MedleyDB: A Multitrack Dataset for Annotation-Intensive MIR Research},
journal = {Proceedings - 15th International Society for Music Information Retrieval Conference (ISMIR 2014)}
}

@inproceedings{Bittner2016MedleyDB2N,
  title={MedleyDB 2.0: New Data and a System for Sustainable Data Collection},
  author={Rachel M. Bittner and Julia Wilkins and Hanna Yip and Juan Pablo Bello},
  year={2016},
  url={https://api.semanticscholar.org/CorpusID:85505704}
}

@inproceedings{guitarset,
title = "Guitarset: A dataset for guitar transcription",
author = "Qingyang Xi and Bittner, {Rachel M.} and Johan Pauwels and Xuzhou Ye and Bello, {Juan P.}",
language = "English (US)",
pages = "453--460",
editor = "Emilia Gomez and Xiao Hu and Eric Humphrey and Emmanouil Benetos",
booktitle = "Proceedings of the 19th International Society for Music Information Retrieval Conference, ISMIR 2018",
}



@inproceedings{repo,
title = "https://gitlab-stud.elka.pw.edu.pl/molejni1/magisterka",
}